% Encoding: windows-1252

@article{garofolo1993darpa,
  title={DARPA TIMIT acoustic-phonetic continous speech corpus CD-ROM. NIST speech disc 1-1.1},
  author={Garofolo, John S and Lamel, Lori F and Fisher, William M and Fiscus, Jonathan G and Pallett, David S},
  journal={STIN},
  volume={93},
  pages={27403},
  year={1993}
}
@book{labov2008atlas,
  title={The atlas of North American English: Phonetics, phonology and sound change},
  author={Labov, William and Ash, Sharon and Boberg, Charles},
  year={2008},
  publisher={Walter de Gruyter}
}
@article{florian2007reinforcement,
  title={Reinforcement learning through modulation of spike-timing-dependent synaptic plasticity},
  author={Florian, R{\u{a}}zvan V},
  journal={Neural computation},
  volume={19},
  number={6},
  pages={1468--1502},
  year={2007},
  publisher={MIT Press}
}
@article{izhikevich2007solving,
  title={Solving the distal reward problem through linkage of STDP and dopamine signaling},
  author={Izhikevich, Eugene M},
  journal={Cerebral cortex},
  volume={17},
  number={10},
  pages={2443--2452},
  year={2007},
  publisher={Oxford University Press}
}
@article{bailey2000heterosynaptic,
  title={Is heterosynaptic modulation essential for stabilizing hebbian plasiticity and memory},
  author={Bailey, Craig H and Giustetto, Maurizio and Huang, Yan-You and Hawkins, Robert D and Kandel, Eric R},
  journal={Nature Reviews Neuroscience},
  volume={1},
  number={1},
  pages={11--20},
  year={2000},
  publisher={Nature Publishing Group}
}
@article{abbott2000synaptic,
  title={Synaptic plasticity: taming the beast},
  author={Abbott, Larry F and Nelson, Sacha B},
  journal={Nature neuroscience},
  volume={3},
  number={11},
  pages={1178--1183},
  year={2000},
  publisher={Nature Publishing Group}
}
@article{rumelhart1986learning,
  title={Learning representations by back-propagating errors},
  author={Rumelhart, David E and Hinton, Geoffrey E and Williams, Ronald J},
  journal={nature},
  volume={323},
  number={6088},
  pages={533--536},
  year={1986},
  publisher={Nature Publishing Group}
}
@article{childers1977cepstrum,
  title={The cepstrum: A guide to processing},
  author={Childers, Donald G and Skinner, David P and Kemerait, Robert C},
  journal={Proceedings of the IEEE},
  volume={65},
  number={10},
  pages={1428--1443},
  year={1977},
  publisher={IEEE}
}
@article{stevens1937scale,
  title={A scale for the measurement of the psychological magnitude pitch},
  author={Stevens, Stanley Smith and Volkmann, John and Newman, Edwin B},
  journal={The Journal of the Acoustical Society of America},
  volume={8},
  number={3},
  pages={185--190},
  year={1937},
  publisher={Acoustical Society of America}
}
@article{sharir2020cost,
  title={The Cost of Training NLP Models: A Concise Overview},
  author={Sharir, Or and Peleg, Barak and Shoham, Yoav},
  journal={arXiv preprint arXiv:2004.08900},
  year={2020}
}
@book{drubach2000brain,
  title={The brain explained},
  author={Drubach, Daniel},
  year={2000},
  publisher={Prentice Hall}
}
@article{legenstein2008learning,
  title={A learning theory for reward-modulated spike-timing-dependent plasticity with application to biofeedback},
  author={Legenstein, Robert and Pecevski, Dejan and Maass, Wolfgang},
  journal={PLoS Comput Biol},
  volume={4},
  number={10},
  pages={e1000180},
  year={2008},
  publisher={Public Library of Science}
}
@article{sokoloff1960metabolism,
  title={The metabolism of the central nervous system in vivo},
  author={Sokoloff, Louis},
  journal={Handbook of Physiology, section, I, Neurophysiology},
  volume={3},
  pages={1843--64},
  year={1960}
}
@article{raffel2019exploring,
  title={Exploring the limits of transfer learning with a unified text-to-text transformer},
  author={Raffel, Colin and Shazeer, Noam and Roberts, Adam and Lee, Katherine and Narang, Sharan and Matena, Michael and Zhou, Yanqi and Li, Wei and Liu, Peter J},
  journal={arXiv preprint arXiv:1910.10683},
  year={2019}
}
@article{hubel1968receptive,
  title={Receptive fields and functional architecture of monkey striate cortex},
  author={Hubel, David H and Wiesel, Torsten N},
  journal={The Journal of physiology},
  volume={195},
  number={1},
  pages={215--243},
  year={1968},
  publisher={Wiley Online Library}
}
@article{schmidhuber2015deep,
  title={Deep learning in neural networks: An overview},
  author={Schmidhuber, J{\"u}rgen},
  journal={Neural networks},
  volume={61},
  pages={85--117},
  year={2015},
  publisher={Elsevier}
}
@BOOK{SASPWEB2011,
  AUTHOR = "Julius O. Smith",
  TITLE = "Spectral Audio Signal Processing",
  PUBLISHER = "\htmladdnormallink{\texttt{http:}}{http://ccrma.stanford.edu/~jos/sasp/}\texttt{//\-ccrma.stanford.edu/\-\~{}jos/\-sasp/}",
  YEAR = "accessed <date>",
        NOTE = "online book, 2011 edition"
}
@article{maass1997networks,
  title={Networks of spiking neurons: the third generation of neural network models},
  author={Maass, Wolfgang},
  journal={Neural networks},
  volume={10},
  number={9},
  pages={1659--1671},
  year={1997},
  publisher={Elsevier}
}
@misc{drachman2005we,
  title={Do we have brain to spare?},
  author={Drachman, David A},
  year={2005},
  publisher={AAN Enterprises}
}
@book{bear2020neuroscience,
  title={Neuroscience: Exploring the brain},
  author={Bear, Mark and Connors, Barry and Paradiso, Michael A},
  year={2020},
  publisher={Jones \& Bartlett Learning, LLC}
}
@article{lecun2015deep,
  title={Deep learning},
  author={LeCun, Yann and Bengio, Yoshua and Hinton, Geoffrey},
  journal={nature},
  volume={521},
  number={7553},
  pages={436--444},
  year={2015},
  publisher={Nature Publishing Group}
}
@article{hopfield1982neural,
  title={Neural networks and physical systems with emergent collective computational abilities},
  author={Hopfield, John J},
  journal={Proceedings of the national academy of sciences},
  volume={79},
  number={8},
  pages={2554--2558},
  year={1982},
  publisher={National Acad Sciences}
}
@article{a2017parallel,
  title={Parallel computing for brain simulation},
  author={A Pastur-Romay, L and B Porto-Pazos, A and Cedr{\'o}n, Francisco and Pazos, A},
  journal={Current topics in medicinal chemistry},
  volume={17},
  number={14},
  pages={1646--1668},
  year={2017},
  publisher={Bentham Science Publishers}
}
@article{azevedo2009equal,
  title={Equal numbers of neuronal and nonneuronal cells make the human brain an isometrically scaled-up primate brain},
  author={Azevedo, Frederico AC and Carvalho, Ludmila RB and Grinberg, Lea T and Farfel, Jos{\'e} Marcelo and Ferretti, Renata EL and Leite, Renata EP and Filho, Wilson Jacob and Lent, Roberto and Herculano-Houzel, Suzana},
  journal={Journal of Comparative Neurology},
  volume={513},
  number={5},
  pages={532--541},
  year={2009},
  publisher={Wiley Online Library}
}
@article{bellec2020solution,
  title={A solution to the learning dilemma for recurrent networks of spiking neurons},
  author={Bellec, Guillaume and Scherr, Franz and Subramoney, Anand and Hajek, Elias and Salaj, Darjan and Legenstein, Robert and Maass, Wolfgang},
  journal={bioRxiv},
  pages={738385},
  year={2020},
  publisher={Cold Spring Harbor Laboratory}
}
@misc{fayek2016,
  title   = "Speech Processing for Machine Learning: Filter banks, Mel-Frequency Cepstral Coefficients (MFCCs) and What's In-Between",
  author  = "Haytham M. Fayek",
  year    = "2016",
  url     = "https://haythamfayek.com/2016/04/21/speech-processing-for-machine-learning.html"
}
@article{graves2005framewise,
  title={Framewise phoneme classification with bidirectional LSTM and other neural network architectures},
  author={Graves, Alex and Schmidhuber, J{\"u}rgen},
  journal={Neural networks},
  volume={18},
  number={5-6},
  pages={602--610},
  year={2005},
  publisher={Elsevier}
}
@book{hultzsch1964tables,
  title={Tables of transitional frequencies of English phonemes},
  author={Hultzsch, Eugen and Hultz{\'e}n, Lee Sisson and Allen, Joseph Heatly Dulles and Miron, Murray S},
  year={1964},
  publisher={Urbana: University of Illinois Press}
}
@book{kucera1967computational,
  title={Computational analysis of present-day American English},
  author={Kucera, Henry and Ku{\v{c}}era, Henry and Francis, Winthrop Nelson},
  year={1967},
  publisher={Brown university press}
}

@Comment{jabref-meta: databaseType:bibtex;}
